<record xmlns="http://www.loc.gov/MARC21/slim">
  <leader>00506cam a22001691  4500</leader>
  <controlfield tag="001">   06023334 </controlfield>
  <controlfield tag="003">DLC</controlfield>
  <controlfield tag="005">20050223165409.0</controlfield>
  <controlfield tag="008">760329s1897    xx            000 1 eng  </controlfield>
  <datafield tag="010" ind1=" " ind2=" ">
    <subfield code="a">   06023334 </subfield>
  </datafield>
  <datafield tag="035" ind1=" " ind2=" ">
    <subfield code="a">(OCoLC)2077228</subfield>
  </datafield>
  <datafield tag="040" ind1=" " ind2=" ">
    <subfield code="a">DLC</subfield>
    <subfield code="c">OKentU</subfield>
    <subfield code="d">DLC</subfield>
  </datafield>
  <datafield tag="050" ind1="0" ind2="0">
    <subfield code="a">PZ3.C355</subfield>
    <subfield code="b">Mys</subfield>
    <subfield code="a">PS1284</subfield>
  </datafield>
  <datafield tag="100" ind1="1" ind2=" ">
    <subfield code="a">Chambers, Robert W.</subfield>
    <subfield code="q">(Robert William),</subfield>
    <subfield code="d">1865-1933.</subfield>
  </datafield>
  <datafield tag="245" ind1="1" ind2="4">
    <subfield code="a">The mystery of choice,</subfield>
    <subfield code="c">by Robert W. Chambers.</subfield>
  </datafield>
  <datafield tag="260" ind1=" " ind2=" ">
    <subfield code="a">New York,</subfield>
    <subfield code="b">D. Appleton and company,</subfield>
    <subfield code="c">1897.</subfield>
  </datafield>
  <datafield tag="300" ind1=" " ind2=" ">
    <subfield code="a">v-ix, 286 p.</subfield>
    <subfield code="c">17 cm.</subfield>
  </datafield>
</record>
